<record><leader>00000cas a2200000 i 4500</leader><controlfield tag="001">893567455</controlfield><controlfield tag="006">m     o  d        </controlfield><controlfield tag="007">cr |||||||||||</controlfield><controlfield tag="008">141022d190719uunmuwr neo     0   a0eng  </controlfield><datafield ind1=" " ind2=" " tag="010"><subfield code="a">  2014218703</subfield></datafield><datafield ind1=" " ind2=" " tag="040"><subfield code="a">DLC</subfield><subfield code="b">eng</subfield><subfield code="e">rda</subfield><subfield code="c">DLC</subfield><subfield code="d">OCLCF</subfield></datafield><datafield ind1="0" ind2=" " tag="022"><subfield code="a">2375-6020</subfield><subfield code="2">1</subfield></datafield><datafield ind1=" " ind2=" " tag="042"><subfield code="a">pcc</subfield><subfield code="a">nsdp</subfield></datafield><datafield ind1=" " ind2=" " tag="043"><subfield code="a">n-us-nm</subfield></datafield><datafield ind1="1" ind2="0" tag="050"><subfield code="a">ISSN RECORD</subfield></datafield><datafield ind1="0" ind2="0" tag="082"><subfield code="a">071</subfield><subfield code="2">23</subfield></datafield><datafield ind1="0" ind2=" " tag="130"><subfield code="a">Cimarron news and press (1907)</subfield></datafield><datafield ind1=" " ind2="4" tag="222"><subfield code="a">The Cimarron news and press</subfield><subfield code="b">(Online. 1907)</subfield></datafield><datafield ind1="1" ind2="4" tag="245"><subfield code="a">The Cimarron news and press.</subfield></datafield><datafield ind1=" " ind2="1" tag="264"><subfield code="a">Cimarron, New Mexico :</subfield><subfield code="b">Cimarron Publishing Company,</subfield><subfield code="c">1907-</subfield></datafield><datafield ind1=" " ind2=" " tag="300"><subfield code="a">1 online resource</subfield></datafield><datafield ind1=" " ind2=" " tag="310"><subfield code="a">Weekly</subfield></datafield><datafield ind1=" " ind2=" " tag="336"><subfield code="a">text</subfield><subfield code="b">txt</subfield><subfield code="2">rdacontent</subfield></datafield><datafield ind1=" " ind2=" " tag="337"><subfield code="a">computer</subfield><subfield code="b">c</subfield><subfield code="2">rdamedia</subfield></datafield><datafield ind1=" " ind2=" " tag="338"><subfield code="a">online resource</subfield><subfield code="b">cr</subfield><subfield code="2">rdacarrier</subfield></datafield><datafield ind1="1" ind2=" " tag="362"><subfield code="a">Began with vol. I, no. 1 (January 10, 1907).</subfield></datafield><datafield ind1=" " ind2=" " tag="588"><subfield code="a">Description based on: Vol. I, no. 1 (January 10, 1907); title from masthead (Chroniclingamerica.loc.gov, viewed October 22, 2014).</subfield></datafield><datafield ind1=" " ind2=" " tag="588"><subfield code="a">Latest issue consulted: Vol. XXXII, no. 51 (October 24, 1907) (Chroniclingamerica.loc.gov, viewed October 22, 2014).</subfield></datafield><datafield ind1=" " ind2="0" tag="651"><subfield code="a">Cimarron (N.M.)</subfield><subfield code="v">Newspapers.</subfield></datafield><datafield ind1=" " ind2="0" tag="651"><subfield code="a">Colfax County (N.M.)</subfield><subfield code="v">Newspapers.</subfield></datafield><datafield ind1=" " ind2="7" tag="655"><subfield code="a">Newspapers.</subfield><subfield code="2">fast</subfield><subfield code="0">(OCoLC)fst01423814</subfield></datafield><datafield ind1=" " ind2="7" tag="651"><subfield code="a">New Mexico</subfield><subfield code="z">Cimarron.</subfield><subfield code="2">fast</subfield><subfield code="0">(OCoLC)fst01283738</subfield></datafield><datafield ind1=" " ind2="7" tag="651"><subfield code="a">New Mexico</subfield><subfield code="z">Colfax County.</subfield><subfield code="2">fast</subfield><subfield code="0">(OCoLC)fst01217271</subfield></datafield><datafield ind1=" " ind2=" " tag="752"><subfield code="a">United States</subfield><subfield code="b">New Mexico</subfield><subfield code="c">Colfax</subfield><subfield code="d">Cimarron.</subfield></datafield><datafield ind1="0" ind2="8" tag="776"><subfield code="i">Originally issued in print:</subfield><subfield code="t">Cimarron news and press</subfield><subfield code="x">2375-6012</subfield><subfield code="w">(DLC)sn 92070543</subfield><subfield code="w">(OCoLC)26678030</subfield></datafield><datafield ind1="4" ind2="0" tag="856"><subfield code="u">http://www.loc.gov/chroniclingamerica/lccn/sn92070543/issues</subfield></datafield></record>